@book{apostol1976,
  author    = "Tom M. Apostol",
  title     = "Introduction to Analytic Number Theory",
  year      = "1976",
  publisher = "Springer-Verlag"
}

@book{reed_simon1975,
  author    = "Michael Reed and Barry Simon",
  title     = "Methods of Modern Mathematical Physics",
  year      = "1975",
  publisher = "Academic Press"
}

@book{hardy2008,
  author    = "G. H. Hardy and E. M. Wright",
  title     = "An Introduction to the Theory of Numbers",
  year      = "2008",
  publisher = "Oxford University Press"
}
