@article{Pauli1925,
  author = {Pauli, Wolfgang},
  title = {On the Connection Between the Completion of Electron Groups in an Atom with the Complex Structure of Spectra},
  journal = {Zeitschrift f{\"u}r Physik},
  volume = {31},
  pages = {765--783},
  year = {1925}
}

@book{Newton1687,
  author = {Newton, Isaac},
  title = {Philosophiae Naturalis Principia Mathematica},
  publisher = {Royal Society},
  address = {London},
  year = {1687}
}

@book{Euclid300BC,
  author = {Euclid},
  title = {Elements},
  year = {300 BC},
  publisher = {Public Domain / Various Translations}
}

@book{Ribenboim1996,
  author = {Ribenboim, Paulo},
  title = {The New Book of Prime Number Records},
  publisher = {Springer},
  address = {New York},
  year = {1996}
}

@book{Poincare1892,
  author = {Poincar{\'e}, Henri},
  title = {Les m{\'e}thodes nouvelles de la m{\'e}canique c{\'e}leste},
  publisher = {Gauthier-Villars},
  address = {Paris},
  year = {1892}
}

@book{Hardy1979,
  author = {Hardy, Godfrey Harold},
  title = {Collected Papers of G.H. Hardy},
  publisher = {Clarendon Press},
  address = {Oxford},
  year = {1979}
}

@article{Lorentz1904,
  author = {Lorentz, Hendrik A.},
  title = {Electromagnetic phenomena in a system moving with any velocity less than that of light},
  journal = {Proceedings of the Royal Netherlands Academy of Arts and Sciences},
  volume = {6},
  pages = {809--831},
  year = {1904}
}

@article{Planck1900,
  author = {Planck, Max},
  title = {\"{U}ber eine Verbesserung der Wienschen Spektralgleichung},
  journal = {Verhandlungen der Deutschen Physikalischen Gesellschaft},
  volume = {2},
  pages = {202--204},
  year = {1900}
}

@book{Archimedes287BC,
  author = {Archimedes},
  title = {Works of Archimedes},
  year = {287 BC},
  publisher = {Public Domain / Various Translations}
}

@book{Fibonacci1202,
  author = {Fibonacci, Leonardo},
  title = {Liber Abaci},
  year = {1202},
  publisher = {Public Domain / Various Translations}
}

@book{Pythagoras500BC,
  author = {Pythagoras},
  title = {Collected Teachings},
  year = {500 BC},
  publisher = {Oral Tradition / Various Transcriptions}
}

@article{Euler1736,
  author = {Euler, Leonhard},
  title = {De Progressionibus Transcendentibus seu Observationes circa Seriem Infinitam $1 + \frac{1}{2} + \frac{1}{4} + \frac{1}{8} + \dots$},
  journal = {Commentarii academiae scientiarum Petropolitanae},
  volume = {8},
  pages = {174--193},
  year = {1736}
}
